@article{BuilAranda20131,
title = "Federating queries in SPARQL 1.1: Syntax, semantics and evaluation ",
journal = "Web Semantics: Science, Services and Agents on the World Wide Web ",
volume = "18",
number = "1",
pages = "1 - 17",
year = "2013",
note = "Special Section on the Semantic and Social Web ",
issn = "1570-8268",
doi = "http://dx.doi.org/10.1016/j.websem.2012.10.001",
url = "http://www.sciencedirect.com/science/article/pii/S157082681200114X",
author = "Carlos Buil-Aranda and Marcelo Arenas and Oscar Corcho and Axel Polleres",
keywords = "SPARQL 1.1",
keywords = "Distributed data management",
keywords = "Distributed query processing",
keywords = "RDF "
}

@inproceedings{arenas2011querying,
     title={Querying semantic web data with SPARQL},
   author={Arenas, Marcelo and P{\'e}rez, Jorge},
  booktitle={Proceedings of the thirtieth ACM SIGMOD-SIGACT-SIGART symposium on
	  Principles of database systems},
  pages={305--316},
  year={2011},
  organization={ACM}
}	 

@inproceedings{perez2006semantics,
	title={Semantics and Complexity of SPARQL},
	author={P{\'e}rez, Jorge and Arenas, Marcelo and Gutierrez, Claudio},
	booktitle={International semantic web conference},
	volume={4273},
	pages={30--43},
	year={2006},
	organization={Springer}
}

@article{perez2009semantics,
  title={Semantics and complexity of SPARQL},
  author={P{\'e}rez, Jorge and Arenas, Marcelo and Gutierrez, Claudio},
  journal={ACM Transactions on Database Systems (TODS)},
  volume={34},
  number={3},
  pages={16},
  year={2009},
  publisher={ACM}
}

@misc{rdf,
	author = {Ora Lassila and Ralph R. Swick},
	title = {Resource Description Framework (RDF) Model and Syntax
		Specification},
	year = {1998}
}

@misc{w3standardold,
title= "SPARQL query language for RDF. W3C recommen-
   datio",
howpublished = {\url{http://www.w3.org/TR/rdf-sparql-query/}},
author={Andy Seaborne, Eric Prud'hommeaux}
}

@misc{w3standard,
title= "RDF Dataset, SPARQL 1.1 Query Language W3C Recommendation",
howpublished = {\url{http://www.w3.org/TR/sparql11-query/#rdfDataset}},
author={Steve Harris, Andy Seaborne, Eric Prud'hommeaux}
}

@misc{w3standardservice,
title= "SERVICE Variables, SPARQL 1.1 Query Language W3C Recommendation",
howpublished =
{\url{https://www.w3.org/TR/2012/PR-sparql11-federated-query-20121108/diff#variableService}},
author={Steve Harris, Andy Seaborne, Eric Prud'hommeaux}
}


@inproceedings{barcelo2015efficient,
  title={Efficient Evaluation of Well-designed Pattern Trees},
  author={Barcel{\'o}, Pablo and Pichler, Reinhard and Skritek, Sebastian},
  booktitle={Alberto Mendelzon International Workshop on Foundations of Data Management},
  pages={18},
  year={2015}
}

@article{letelier2012static,
  title={Static analysis and optimization of semantic web queries},
  author={Letelier, Andr{\'e}s and P{\'e}rez, Jorge and Pichler, Reinhard and Skritek, Sebastian},
  journal={In PODS},
  pages={89-100},
  year={2012},
  publisher={ACM}
}

@article{letelier2013static,
  title={Static analysis and optimization of semantic web queries},
  author={Letelier, Andr{\'e}s and P{\'e}rez, Jorge and Pichler, Reinhard and Skritek, Sebastian},
  journal={ACM Transactions on Database Systems (TODS)},
  volume={38},
  number={4},
  pages={25},
  year={2013},
  publisher={ACM}
}

@article{pichler2014containment,
  title={Containment and Equivalence of Well-Designed SPARQL},
  author={Pichler, Reinhard and Skritek, Sebastian},
  year={2014}
}

@book{angles2008expressive,
  title={The expressive power of SPARQL},
  author={Angles, Renzo and Gutierrez, Claudio},
  year={2008},
  publisher={Springer}
} 
@inproceedings{Picalausa,
	author = {Picalausa, Francois and Vansummeren, Stijn},
	title = {What Are Real SPARQL Queries Like?},
	booktitle = {Proceedings of the International Workshop on Semantic Web
		Information Management},
	series = {SWIM '11},
	year = {2011},
	isbn = {978-1-4503-0651-5},
	location = {Athens, Greece},
	pages = {7:1--7:6},
	articleno = {7},
	numpages = {6},
	url = {http://doi.acm.org/10.1145/1999299.1999306},
	doi = {10.1145/1999299.1999306},
	acmid = {1999306},
	publisher = {ACM},
	address = {New York, NY, USA},
	keywords = {SPARQL, acyclicity, conjunctive queries, log
		analysis},
} 

@InProceedings{kaminski_bwd,
  author =	{Mark Kaminski and Egor V. Kostylev},
  title =	{{Beyond Well-designed SPARQL}},
  booktitle =	{19th International Conference on Database Theory (ICDT 2016)},
  pages =	{5:1--5:18},
  series =	{Leibniz International Proceedings in Informatics (LIPIcs)},
  ISBN =	{978-3-95977-002-6},
  ISSN =	{1868-8969},
  year =	{2016},
  volume =	{48},
  editor =	{Wim Martens and Thomas Zeume},
  publisher =	{Schloss Dagstuhl--Leibniz-Zentrum fuer Informatik},
  address =	{Dagstuhl, Germany},
  URL =		{http://drops.dagstuhl.de/opus/volltexte/2016/5774},
  URN =		{urn:nbn:de:0030-drops-57744},
  doi =		{http://dx.doi.org/10.4230/LIPIcs.ICDT.2016.5},
  annote =	{Keywords: RDF, Query languages, SPARQL, Optional matching}
}

@article{JOHNSON1984167,
title = "Testing containment of conjunctive queries under functional and inclusion dependencies",
journal = "Journal of Computer and System Sciences",
volume = "28",
number = "1",
pages = "167 - 189",
year = "1984",
issn = "0022-0000",
doi = "http://dx.doi.org/10.1016/0022-0000(84)90081-3",
url = "http://www.sciencedirect.com/science/article/pii/0022000084900813",
author = "D.S. Johnson and A. Klug",
}

@article{cali2008taming,
  title={Taming the infinite chase: Query answering under expressive relational constraints},
  author={Cal{\i}, Andrea and Gottlob, Georg and Kifer, Michael},
  year={2008}
}

@article{lehmann2015dbpedia,
	title={DBpedia--a large-scale, multilingual knowledge base extracted from
		Wikipedia},
	author={Lehmann, Jens and Isele, Robert and Jakob, Max and Jentzsch,
		Anja and Kontokostas, Dimitris and Mendes, Pablo N and Hellmann,
		Sebastian and Morsey, Mohamed and van Kleef, Patrick and Auer,
		S{\"o}ren and others},
		journal={Semantic Web},
		volume={6},
		number={2},
		pages={167--195},
		year={2015},
		publisher={IOS Press}
}
@book{Garey:1979:CIG:578533,
	author = {Garey, Michael R. and Johnson, David S.},
	title = {Computers and Intractability: A Guide to the Theory of
		NP-Completeness},
	year = {1979},
	isbn = {0716710447},
	publisher = {W. H. Freeman \& Co.},
	address = {New York, NY, USA},
}
@article{bizer2009linked,
	  title={Linked data - the story so far},
      author={C.Bizer, T. Heath and T.Berners-Lee}
	  journal={Semantic Services, Interoperability and Web Applications:
		  Emerging Concepts},
	  pages= {205-227}
}
@misc{lee2006design,
	title = "Linked data - design issues.",
	author= "T. Berners-Lee",
	howpublished="\url{http://www.w3.org/DesignIssues/LinkedData.html}"
}
@misc{datagov,
	howpublished="\url{http://data.gov}"
}
@misc{datagovuk,
	howpublished="\url{http://data.gov.uk}"
}
@incollection{schwarte2011fedx,
	title={Fedx: Optimization techniques for federated query processing on
		linked data},
	author={Schwarte, Andreas and Haase, Peter and Hose, Katja and Schenkel,
		Ralf and Schmidt, Michael},
	booktitle={The Semantic Web--ISWC 2011},
	pages={601--616},
	year={2011},
	publisher={Springer}
}
@book{quilitz2008querying,
	title={Querying distributed RDF data sources with SPARQL},
	author={Quilitz, Bastian and Leser, Ulf},
	year={2008},
	publisher={Springer}
}
@article{buil2014towards,
	title={Towards Equivalences for Federated SPARQL Queries},
	author={Buil-Aranda, Carlos and Polleres, Axel},
	year={2014}
}
@incollection{montoya2015federated,
	title={Federated SPARQL Queries Processing with Replicated Fragments},
	author={Montoya, Gabriela and Skaf-Molli, Hala and Molli, Pascal and
		Vidal, Maria-Esther},
	booktitle={The Semantic Web-ISWC 2015},
	pages={36--51},
	year={2015},
	publisher={Springer}
}
@inproceedings{schmidt2010foundations,
	title={Foundations of SPARQL query optimization},
	author={Schmidt, Michael and Meier, Michael and Lausen, Georg},
	booktitle={Proceedings of the 13th International Conference on
		Database Theory},
	pages={4--33},
	year={2010},
	organization={ACM}
}
@inproceedings{polleres2007sparql,
	title={From SPARQL to rules (and back)},
	author={Polleres, Axel},
	booktitle={Proceedings of the 16th international conference on World
		Wide Web},
	pages={787--796},
	year={2007},
	organization={ACM}
}

@incollection{serfiotis2005containment,
	title={Containment and minimization of RDF/S query patterns},
	author={Serfiotis, Giorgos and Koffina, Ioanna and Christophides,
		Vassilis and Tannen, Val},
	booktitle={The Semantic Web--ISWC 2005},
	pages={607--623},
	year={2005},
	publisher={Springer}
}
@inproceedings{wudage2012sparql,
	title={SPARQL query containment under SHI axioms},
	author={Wudage, Melisachew and Euzenat, J{\'e}r{\^o}me and Genev{\`e}s,
		Pierre and Laya{\i}da, Nabil},
	booktitle={Proceedings 26th AAAI Conference},
	pages={10--16},
	year={2012}
}
